@article{nakamura2001chaotic,
  title={The chaotic mobile robot},
  author={Nakamura, Yoshihiko and Sekiguchi, Akinori},
  journal={IEEE Transactions on Robotics and Automation},
  volume={17},
  number={6},
  pages={898--904},
  year={2001},
  publisher={IEEE}
}

@article{di2010bacterial,
  title={Bacterial ratchet motors},
  author={Di Leonardo, R and Angelani, L and Dell’Arciprete, D and Ruocco,
Giancarlo and Iebba, V and Schippa, S and Conte, MP and Mecarini, F and De
Angelis, F and Di Fabrizio, E},
  journal={Proceedings of the National Academy of Sciences},
  volume={107},
  number={21},
  pages={9541--9545},
  year={2010},
  publisher={National Acad Sciences}
}

@book{disser11,
    author = {Yann Disser},
    title = {Mapping Polygons},
    publisher = {Logos Verlag Berlin GmbH},
    year = {2011}
}

@article{OkaLav06,
        author = {J. M. O'Kane and S. M. LaValle},
        title = {Localization with Limited Sensing},
        journal = {IEEE Transactions on Robotics},
        volume={23}, number={4}, month=Aug, pages={704-716},
        year = {2007}}

@article{bilo2012reconstructing,
  title={Reconstructing visibility graphs with simple robots},
  author={Bil{\`o}, Davide and Disser, Yann and Mihal{\'a}k, Mat{\'u}s and Suri,
Subhash and Vicari, Elias and Widmayer, Peter},
  journal={Theoretical Computer Science},
  volume={444},
  pages={52--59},
  year={2012},
  publisher={Elsevier}
}

@article{tovar2005gap,
  title={Gap navigation trees: Minimal representation for visibility-based
tasks},
  author={Tovar, Benjamin and Guilamo, Luis and LaValle, Steven M},
  journal={Algorithmic Foundations of Robotics VI},
  pages={425--440},
  year={2005},
  publisher={Springer}
}

@article{microorganism2017,
  title={Microorganism billiards},
  author={Saverio E Spagnolie and Colin Wahl and Joseph Lukasik and
Jean-Luc Thiffeault},
  journal={Physica D: Nonlinear Phenomena},
  volume={341},
  pages={33--44},
  year={2017},
  publisher={Elsevier}
}

@article{raibert1984experiments,
  title={Experiments in balance with a 3D one-legged hopping machine},
  author={Raibert, Marc H and Brown Jr, H Benjamin and Chepponis, Michael},
  journal={The International Journal of Robotics Research},
  volume={3},
  number={2},
  pages={75--92},
  year={1984},
  publisher={Sage Publications Sage CA: Thousand Oaks, CA}
}

@article{fearing,
	author = {Haldane, Duncan W. and Plecnik, M. M. and Yim, J. K. and Fearing, R. S.},
	title = {Robotic vertical jumping agility via series-elastic power modulation},
	year = {2016},
	publisher = {Science Robotics},
}

@inproceedings{monoids,
    title = {Monoids: Theme and Variations (Functional Pearl)},
    author = {Brent A. Yorgey},
    year = {2012},
    organization = {ACM},
    booktitle = {Haskell}
}

@inproceedings{bounce,
  author = {L. H. Erickson and S. M. LaValle},
  title = {Toward the Design and Analysis of Blind, Bouncing Robots},
  booktitle={IEEE International Conference on 
	     Robotics and Automation},
  year={2013}}

@book{johnson1929,
  title={Advanced Euclidean Geometry},
  author={Johnson, R.A.},
  lccn={60050807},
  series={Dover books on advanced mathematics},
  year={1929},
  publisher={Dover Publications}
}

@Inbook{Granas2003,
author="Granas, Andrzej and Dugundji, James",
title="Elementary Fixed Point Theorems",
bookTitle="Fixed Point Theory",
year="2003",
publisher="Springer New York",
address="New York, NY",
pages="9--84",
}

@article{slamSolution,
  title={A solution to the simultaneous localization and map building (SLAM) problem},
  author={Dissanayake, MWM Gamini and Newman, Paul and Clark, Steve and Durrant-Whyte, Hugh F and Csorba, Michael},
  journal={IEEE Transactions on robotics and automation},
  volume={17},
  number={3},
  pages={229--241},
  year={2001},
  publisher={IEEE}
}

@inproceedings{fastslam,
  title={FastSLAM: A factored solution to the simultaneous localization and mapping problem},
  author={Montemerlo, Michael and Thrun, Sebastian and Koller, Daphne and Wegbreit, Ben and others},
  booktitle={Aaai/iaai},
  pages={593--598},
  year={2002}
}

@article{durrant2006,
  title={Simultaneous localization and mapping: part I},
  author={Durrant-Whyte, Hugh and Bailey, Tim},
  journal={IEEE robotics \& automation magazine},
  volume={13},
  number={2},
  pages={99--110},
  year={2006},
  publisher={IEEE}
}

@article{Carelli2003,
  title={Corridor navigation and wall-following stable control for sonar-based mobile robots},
  author={Carelli, Ricardo and Freire, Eduardo Oliveira},
  journal={Robotics and Autonomous Systems},
  volume={45},
  number={3},
  pages={235--247},
  year={2003},
  publisher={Elsevier}
}

@INPROCEEDINGS{Lamp05,
author={A. G. Lamperski and O. Y. Loh and B. L. Kutscher and N. J. Cowan},
booktitle={Proceedings of the 2005 IEEE International Conference on Robotics and
Automation},
title={Dynamical Wall Following for a Wheeled Robot Using a Passive Tactile
Sensor},
year={2005},
month={April},}




@article{Jones1998,
author = {Jones, Vaughan and Przytycki, Józef},
journal = {Banach Center Publications},
language = {eng},
number = {1},
pages = {145-163},
title = {Lissajous knots and billiard knots},
volume = {42},
year = {1998},
}


@article{schwartz1992,
    author = "Schwartz, Richard",
    fjournal = "Experimental Mathematics",
    journal = "Experiment. Math.",
    number = "1",
    pages = "71--81",
    publisher = "A K Peters, Ltd.",
    title = "The pentagram map",
    volume = "1",
    year = "1992"
}

@article{schwartz_billiards,
        author  = {W. Patrick Hooper and Richard Evan Schwartz},
        title   = {Billiards in Nearly Isosceles Triangles},
        version = {2},
        month   = {June},
        year    = {2013},
        journal = {Journal of Modern Dynamics}, 
        volume  = {3},
        number  = {2},
        pages   = {159--231}
}

@article{LewOKa13,
  author       = {Jeremy S. Lewis and Jason M. O'Kane},
  title        = {Planning for provably reliable navigation using an
		 unreliable, nearly sensorless robot},
  journal      = {International Journal of Robotics Research},
  volume       = {32},
  number       = {11},
  month        = {September},
  pages        = {1339--1354},
  year	       = {2013}
}

@inproceedings{yorgey2012monoids,
  title={Monoids: theme and variations (functional pearl)},
  author={Yorgey, Brent A},
  booktitle={ACM SIGPLAN Notices},
  volume={47},
  number={12},
  pages={105--116},
  year={2012},
  organization={ACM}
}


@book{billiards,
author= {Serge Tabachnikov},
title = {Geometry and Billiards},
publisher = {American Mathematical Society},
year = {2005}
}

@article{pinball,
author = {Roberto Markarian and Enrique Pujals and Martin Sambarino},
title = {Pinball billiards with dominated splitting},
year = {2010},
journal = {Ergodic Theory and Dynamical Systems},
volume = {30},
pages = {1757--1786}
}

@book{jackson1992,
  title={Perspectives of Nonlinear Dynamics},
  author={Jackson, E.A.},
  volume = {1},
  year={1992},
  publisher={Cambridge University Press}
}

@article{DelMagno2014,
author="Del Magno, Gianluigi
and Lopes Dias, Jo{\~a}o
and Duarte, Pedro
and Gaiv{\~a}o, Jos{\'e} Pedro
and Pinheiro, Diogo",
title="{SRB} Measures for Polygonal Billiards with Contracting Reflection Laws",
journal="Communications in Mathematical Physics",
year="2014",
volume="329",
number="2",
pages="687--723",
}


@Inbook{Aronov1996,
author="Aronov, Boris
and Davis, Alan R.
and Dey, Tamal K.
and Pal, Sudebkumar P.
and Prasad, D. Chithra",
editor="Karlsson, Rolf
and Lingas, Andrzej",
title="Visibility with multiple reflections",
bookTitle={"Algorithm Theory --- SWAT'96: 5th Scandinavian Workshop on Algorithm Theory Reykjav{\'i}k, Iceland, July 3--5, 1996
Proceedings"},
year="1996",
publisher="Springer Berlin Heidelberg",
address="Berlin, Heidelberg",
pages="284--295",
}

